

@misc{GDPSpendingGross,
  title = {{{GDP}} and Spending - {{Gross}} Domestic Product ({{GDP}}) - {{OECD Data}}},
  howpublished = {https://data.oecd.org/gdp/gross-domestic-product-gdp.htm}
}





@misc{GDPSpendingGross,
  title = {{{GDP}} and Spending - {{Gross}} Domestic Product ({{GDP}}) - {{OECD Data}}},
  howpublished = {https://data.oecd.org/gdp/gross-domestic-product-gdp.htm}
}





@misc{GDPSpendingGross,
  title = {{{GDP}} and Spending - {{Gross}} Domestic Product ({{GDP}}) - {{OECD Data}}},
  howpublished = {https://data.oecd.org/gdp/gross-domestic-product-gdp.htm}
}





@misc{GDPSpendingGross,
  title = {{{GDP}} and Spending - {{Gross}} Domestic Product ({{GDP}}) - {{OECD Data}}},
  howpublished = {https://data.oecd.org/gdp/gross-domestic-product-gdp.htm}
}





@misc{RegionalEconomicAccounts,
  title = {Regional Economic Accounts (Reg\_eco10)},
  howpublished = {https://ec.europa.eu/eurostat/cache/metadata/en/reg\_eco10\_esms.htm}
}



